@ARTICLE{Gao22LUSS,
  author={Gao, Shanghua and Li, Zhong-Yu and Yang, Ming-Hsuan and Cheng, Ming-Ming and Han, Junwei and Torr, Philip},
  journal={IEEE Transactions on Pattern Analysis and Machine Intelligence}, 
  title={Large-scale Unsupervised Semantic Segmentation}, 
  year={2023},
  volume={45},
  number={6},
  pages={7457-7476},
  doi={10.1109/TPAMI.2022.3218275}
}

@ARTICLE{21PAMI-Sal100K,
  author={Ming-Ming Cheng and Shang-Hua Gao and Ali Borji and Yong-Qiang Tan and Zheng Lin and Meng Wang},
  journal={IEEE Transactions on Pattern Analysis and Machine Intelligence}, 
  title={A Highly Efficient Model to Study the Semantics of Salient Object Detection}, 
  year={2022},
  volume={44},
  number={11},
  pages={8006-8021},
  doi={10.1109/TPAMI.2021.3107956}
}

@article{Cheng2021sMeasure,
  title={Structure-measure: A New Way to Evaluate Foreground Maps},
  author={Ming-Ming Cheng and Deng-Ping Fan},
  journal={International Journal of Computer Vision (IJCV)},
  year={2021},
  volume={129},
  number={9},
  pages={2622-2638},
  doi = {10.1007/s11263-021-01490-8},
}

@ARTICLE{pami21Res2net, 
  author={Shang-Hua Gao and Ming-Ming Cheng and Kai Zhao and Xin-Yu Zhang and Ming-Hsuan Yang and Philip Torr}, 
  journal={IEEE Transactions on Pattern Analysis and Machine Intelligence}, 
  title={Res2Net: A New Multi-scale Backbone Architecture}, 
  year={2021}, 
  volume={43}, 
  number={2}, 
  pages={652-662}, 
  doi={10.1109/TPAMI.2019.2938758}, 
}

@article{HouPami19Dss,
  title={Deeply supervised salient object detection with short connections},
  author={Hou, Qibin and Cheng, Ming-Ming and Hu, Xiaowei and Borji, Ali and Tu, Zhuowen and Torr, Philip},
  year  = {2019},
  volume={41}, 
  number={4}, 
  pages={815-828}, 
  journal= {IEEE TPAMI},
  doi = {10.1109/TPAMI.2018.2815688},
}

@article{RcfEdgePami2019,
  author = {Yun Liu and Ming-Ming Cheng and Xiaowei Hu and Jia-Wang Bian and Le Zhang and Xiang Bai and Jinhui Tang},
  title = {Richer Convolutional Features for Edge Detection},
  year  = {2019},
  journal= {IEEE Trans. Pattern Anal. Mach. Intell.},
  volume={41}, 
  number={8}, 
  pages={1939 - 1946}, 
  doi = {10.1109/TPAMI.2018.2878849},
}

@ARTICLE{21SC_WebSegE,
    author={侯淇彬 and 韩凌昊 and 刘姜江 and 程明明},
    journal={中国科学：信息科学}, 
    title={互联网图像驱动的语义分割自主学习}, 
    year={2021},
    volume={51},
    number={7},
    pages={1084-1099},
    doi={10.1360/SSI-2020-0146},
}